<?xml version="1.0" encoding="UTF-8" standalone="no"?><record xmlns="http://www.loc.gov/MARC21/slim">    <leader>00000cam a2200000Ia 4500</leader>    <controlfield tag="001">320842055</controlfield>    <controlfield tag="006">m     o  d        </controlfield>    <controlfield tag="007">cr cnu---unuuu</controlfield>    <controlfield tag="008">090512s2009    enkafg  ob    001 0deng d</controlfield>    <datafield ind1=" " ind2=" " tag="040">      <subfield code="a">N$T</subfield>      <subfield code="b">eng</subfield>      <subfield code="e">pn</subfield>      <subfield code="c">N$T</subfield>      <subfield code="d">YDXCP</subfield>      <subfield code="d">OCLCQ</subfield>      <subfield code="d">EBLCP</subfield>      <subfield code="d">IDEBK</subfield>      <subfield code="d">OCLCQ</subfield>      <subfield code="d">MHW</subfield>      <subfield code="d">TUU</subfield>      <subfield code="d">OCLCQ</subfield>      <subfield code="d">MERUC</subfield>      <subfield code="d">OCLCQ</subfield>      <subfield code="d">E7B</subfield>      <subfield code="d">DKDLA</subfield>      <subfield code="d">OCLCO</subfield>      <subfield code="d">OCLCE</subfield>      <subfield code="d">OCLCF</subfield>      <subfield code="d">OCLCQ</subfield>    </datafield>    <datafield ind1=" " ind2=" " tag="019">      <subfield code="a">636522330</subfield>      <subfield code="a">646809850</subfield>      <subfield code="a">681455160</subfield>      <subfield code="a">781474527</subfield>    </datafield>    <datafield ind1=" " ind2=" " tag="020">      <subfield code="a">9780198043959</subfield>      <subfield code="q">(electronic bk.)</subfield>    </datafield>    <datafield ind1=" " ind2=" " tag="020">      <subfield code="a">0198043953</subfield>      <subfield code="q">(electronic bk.)</subfield>    </datafield>    <datafield ind1=" " ind2=" " tag="020">      <subfield code="z">9780195328257</subfield>    </datafield>    <datafield ind1=" " ind2=" " tag="020">      <subfield code="z">0195328256</subfield>    </datafield>    <datafield ind1=" " ind2=" " tag="020">      <subfield code="z">9780195328363</subfield>    </datafield>    <datafield ind1=" " ind2=" " tag="020">      <subfield code="z">0195328361</subfield>    </datafield>    <datafield ind1="1" ind2=" " tag="029">      <subfield code="a">AU@</subfield>      <subfield code="b">000048843000</subfield>    </datafield>    <datafield ind1="1" ind2=" " tag="029">      <subfield code="a">AU@</subfield>      <subfield code="b">000051574887</subfield>    </datafield>    <datafield ind1="1" ind2=" " tag="029">      <subfield code="a">DEBBG</subfield>      <subfield code="b">BV043167437</subfield>    </datafield>    <datafield ind1="1" ind2=" " tag="029">      <subfield code="a">DEBSZ</subfield>      <subfield code="b">422001694</subfield>    </datafield>    <datafield ind1="1" ind2=" " tag="029">      <subfield code="a">NZ1</subfield>      <subfield code="b">14970170</subfield>    </datafield>    <datafield ind1=" " ind2=" " tag="042">      <subfield code="a">dlr</subfield>    </datafield>    <datafield ind1=" " ind2="4" tag="050">      <subfield code="a">ML410.B4</subfield>      <subfield code="b">K56 2009eb</subfield>    </datafield>    <datafield ind1=" " ind2="7" tag="072">      <subfield code="a">MUS</subfield>      <subfield code="x">050000</subfield>      <subfield code="2">bisacsh</subfield>    </datafield>    <datafield ind1="0" ind2="4" tag="082">      <subfield code="a">780.92</subfield>      <subfield code="2">22</subfield>    </datafield>    <datafield ind1="1" ind2=" " tag="100">      <subfield code="a">Kinderman, William.</subfield>    </datafield>    <datafield ind1="1" ind2="0" tag="245">      <subfield code="a">Beethoven /</subfield>      <subfield code="c">William Kinderman.</subfield>    </datafield>    <datafield ind1=" " ind2=" " tag="250">      <subfield code="a">2nd ed.</subfield>    </datafield>    <datafield ind1=" " ind2=" " tag="260">      <subfield code="a">Oxford ;</subfield>      <subfield code="a">New York :</subfield>      <subfield code="b">Oxford University Press,</subfield>      <subfield code="c">2009.</subfield>    </datafield>    <datafield ind1=" " ind2=" " tag="300">      <subfield code="a">1 online resource (xiv, 414 pages, [16] pages of plates) :</subfield>      <subfield code="b">illustrations, music</subfield>    </datafield>    <datafield ind1=" " ind2=" " tag="336">      <subfield code="a">text</subfield>      <subfield code="b">txt</subfield>      <subfield code="2">rdacontent</subfield>    </datafield>    <datafield ind1=" " ind2=" " tag="337">      <subfield code="a">computer</subfield>      <subfield code="b">c</subfield>      <subfield code="2">rdamedia</subfield>    </datafield>    <datafield ind1=" " ind2=" " tag="338">      <subfield code="a">online resource</subfield>      <subfield code="b">cr</subfield>      <subfield code="2">rdacarrier</subfield>    </datafield>    <datafield ind1=" " ind2=" " tag="504">      <subfield code="a">Includes bibliographical references and indexes.</subfield>    </datafield>    <datafield ind1="0" ind2=" " tag="505">      <subfield code="a">List of Plates; List of Figures and Music Examples; Overture; 1. The Bonn Years; 2. The Path to Mastery: 1792-1798; 3. Crisis and Creativity: 1799-1802; 4. The Heroic Style I: 1803-1806; 5. The Heroic Style II: 1806-1809; 6. Consolidation: 1810-1812; 7. The Congress of Vienna Period: 1813-1815; 8. The Hammerklavier Sonata: 1816-1818; 9. Struggle: 1819-1822; 10. Triumph: 1822-1824; 11. The Galitzin Quartets: 1824-1825; 12. The Last Phase: 1826-1827; Selected Bibliography; Works Cited; Index of Beethoven\'s Compositions; General Index.</subfield>    </datafield>    <datafield ind1="0" ind2=" " tag="588">      <subfield code="a">Print version record.</subfield>    </datafield>    <datafield ind1=" " ind2=" " tag="520">      <subfield code="a">Preface and Acknowledgments. List of Plates. List of music Examples and Figures. Overture. 1. The Bonn Years. 2. The Path to Mastery, 1792-1798. 3. Crises and Creativity, 1799-1802. 4. The Heroic Style I, 1803-1806. 5. The Heroic Style II, 1806-1809. 6. Consolidation, 1810-1812. 7. The Congress of Vienna Period, 1813-1815. 8. The Hammerklavier Sonata, 1816-1818. 9. Struggle, 1819-1822. 10. Triumph, 1822-1824. 11. The G\xcc\x80alitzin\' Quartets, 1824-1825. 12. The Last Phase, 1826-1827. Selected Bibliography. Bibliography of Works Cited. Index of Beethoven\'s Compositions. General Index.</subfield>    </datafield>    <datafield ind1=" " ind2=" " tag="506">      <subfield code="3">Use copy</subfield>      <subfield code="f">Restrictions unspecified</subfield>      <subfield code="2">star</subfield>      <subfield code="5">MiAaHDL</subfield>    </datafield>    <datafield ind1=" " ind2=" " tag="533">      <subfield code="a">Electronic reproduction.</subfield>      <subfield code="b">[S.l.] :</subfield>      <subfield code="c">HathiTrust Digital Library,</subfield>      <subfield code="d">2010.</subfield>      <subfield code="5">MiAaHDL</subfield>    </datafield>    <datafield ind1=" " ind2=" " tag="538">      <subfield code="a">Master and use copy. Digital master created according to Benchmark for Faithful Digital Reproductions of Monographs and Serials, Version 1. Digital Library Federation, December 2002.</subfield>      <subfield code="u">http://purl.oclc.org/DLF/benchrepro0212</subfield>      <subfield code="5">MiAaHDL</subfield>    </datafield>    <datafield ind1="1" ind2=" " tag="583">      <subfield code="a">digitized</subfield>      <subfield code="c">2010</subfield>      <subfield code="h">HathiTrust Digital Library</subfield>      <subfield code="l">committed to preserve</subfield>      <subfield code="2">pda</subfield>      <subfield code="5">MiAaHDL</subfield>    </datafield>    <datafield ind1="1" ind2="0" tag="600">      <subfield code="a">Beethoven, Ludwig van,</subfield>      <subfield code="d">1770-1827</subfield>      <subfield code="x">Criticism and interpretation.</subfield>    </datafield>    <datafield ind1=" " ind2="4" tag="650">      <subfield code="a">Beethoven, Ludwig van.</subfield>    </datafield>    <datafield ind1=" " ind2="7" tag="650">      <subfield code="a">MUSIC</subfield>      <subfield code="x">Individual Composer &amp; Musician.</subfield>      <subfield code="2">bisacsh</subfield>    </datafield>    <datafield ind1="1" ind2="7" tag="600">      <subfield code="a">Beethoven, Ludwig van,</subfield>      <subfield code="d">1770-1827</subfield>      <subfield code="2">fast</subfield>      <subfield code="0">(OCoLC)fst00042803</subfield>    </datafield>    <datafield ind1="1" ind2="7" tag="600">      <subfield code="a">Beethoven, Ludwig van.</subfield>      <subfield code="2">swd</subfield>    </datafield>    <datafield ind1=" " ind2="4" tag="655">      <subfield code="a">Electronic books.</subfield>    </datafield>    <datafield ind1=" " ind2="7" tag="655">      <subfield code="a">Criticism, interpretation, etc.</subfield>      <subfield code="2">fast</subfield>      <subfield code="0">(OCoLC)fst01411635</subfield>    </datafield>    <datafield ind1="0" ind2="8" tag="776">      <subfield code="i">Print version:</subfield>      <subfield code="a">Kinderman, William.</subfield>      <subfield code="t">Beethoven.</subfield>      <subfield code="b">2nd ed.</subfield>      <subfield code="d">Oxford ; New York : Oxford University Press, 2009</subfield>      <subfield code="z">9780195328257</subfield>      <subfield code="z">0195328256</subfield>      <subfield code="w">(DLC)  2007038279</subfield>      <subfield code="w">(OCoLC)173136168</subfield>    </datafield>    <datafield ind1="4" ind2="0" tag="856">      <subfield code="3">Ebook Library</subfield>      <subfield code="u">http://public.eblib.com/choice/publicfullrecord.aspx?p=431000</subfield>    </datafield>    <datafield ind1="4" ind2="0" tag="856">      <subfield code="3">ebrary</subfield>      <subfield code="u">http://site.ebrary.com/id/10288427</subfield>    </datafield>    <datafield ind1="4" ind2="0" tag="856">      <subfield code="3">EBSCOhost</subfield>      <subfield code="u">http://search.ebscohost.com/login.aspx?direct=true&amp;scope=site&amp;db=nlebk&amp;db=nlabk&amp;AN=271178</subfield>    </datafield>    <datafield ind1="4" ind2="0" tag="856">      <subfield code="3">HathiTrust Digital Library, Limited view (search only)</subfield>      <subfield code="u">http://catalog.hathitrust.org/api/volumes/oclc/173136168.html</subfield>    </datafield>    <datafield ind1="4" ind2="0" tag="856">      <subfield code="3">MyiLibrary</subfield>      <subfield code="u">http://www.myilibrary.com?id=205371</subfield>    </datafield>    <datafield ind1=" " ind2=" " tag="938">      <subfield code="a">EBL - Ebook Library</subfield>      <subfield code="b">EBLB</subfield>      <subfield code="n">EBL431000</subfield>    </datafield>    <datafield ind1=" " ind2=" " tag="938">      <subfield code="a">ebrary</subfield>      <subfield code="b">EBRY</subfield>      <subfield code="n">ebr10288427</subfield>    </datafield>    <datafield ind1=" " ind2=" " tag="938">      <subfield code="a">EBSCOhost</subfield>      <subfield code="b">EBSC</subfield>      <subfield code="n">271178</subfield>    </datafield>    <datafield ind1=" " ind2=" " tag="938">      <subfield code="a">YBP Library Services</subfield>      <subfield code="b">YANK</subfield>      <subfield code="n">3033448</subfield>    </datafield>  </record>
